# SID: 310182212
# Name: Tianyu Pu
@misc{ausmines,
  url =
  {http://www.australianminesatlas.gov.au/education/fact_sheets/iron.html},
  author = {{Geoscience Australia}},
  year = {unknown},
  title = {Iron Ore Fact Sheet},
  note = {accessed 26 May 2012},
}
